@book{AtiyahMacDonald,
    author = "Атья, М. and Макдональд, И.",
    title = "Введение в коммутативную алгебру",
    year = 1972,
}

@phdthesis{BondarkoThesis,
    author = "Бондарко, М.В.",
    title = "Явные конструкции в теории формальных групп и конечных групповых схем и их приложения к арифметической геометрии",
    year = 2006,
}

@article{BondarkoVostokov,
    author = "Бондарко, М.В. and Востоков, С.В.",
    title = "Явная классификация формальных групп над локальными полями",
    year = 2003,
}

@book{FesenkoVostokov,
    author = "Fesenko, I.B. and Vostokov, S.V.",
    title = "Local Fields and Their Extensions",
    year = 2001,
}

@book{Gouvea,
    author = "Gouvêa, F.",
    title = "p-adic numbers: An introduction",
    year = 2020,
}

@book{Hazewinkel,
    author = "Hazewinkel, M.",
    title = "Formal Groups and Applications",
    year = 2012,
}

@book{Lang,
    author = "Ленг, С.",
    title = "Алгебра",
    year = 1968,
}

@book{Passman,
    author = "Passman, D.",
    title = "A Course in Ring Theory",
    year = 2004,
}

@book{Quillen,
    author = "Quillen, D.",
    title = "Rational Homotopy Theory",
    year = 1969,
}

@book{Zink,
    author = "Zink, T.",
    title = "Cartier Theory of Commutative Formal Groups",
    year = 1984,
}

@unpublished{ZinkLectures,
    author = "Zink, T.",
    title = "Lectures on p-divisible group",
    note = "Lecture notes",
    url = "https://www.math.uni-bielefeld.de/~zink/pDivGr1.pdf",
}